001  0000122
005  20170701121525.621
008  170701s||||     bl|||||||||||||||||por|u
020    $a9788522507481
040    $aPorto Alegre$bpor
100 1  $aAladrén, Gabriel
245 10 $aLiberdades negras nas paragens do Sul$balforria e inserção social de libertos em Porto Alegre, 1800-1835$cGabriel Aladrén
260    $aRio de Janeiro$bEditora FGV$c2009
300    $a204 p.$bil.
650    $aHistória
650    $aJustiça
650    $aNegro
650    $aLiberdade
650    $aAlforria
651    $aRio Grande do Sul
651    $aPorto Alegre
